@book{sutton1998reinforcement,
  title={Reinforcement learning: An introduction},
  author={Sutton, Richard S and Barto, Andrew G},
  year={1998},
  publisher={MIT press}
}
@article{gavsic2013gaussian,
  title={Gaussian processes for POMDP-based dialogue manager optimization},
  author={Gasic, Milica and Young, Steve},
  year={2013},
  publisher={IEEE}
}
@book{engel2005algorithms,
  title={Algorithms and representations for reinforcement learning},
  author={Engel, Yaakov},
  year={2016},
}
@misc{lect3,
  title={Dialogue management: generative approaches to belief tracking},
  author={Milica Gasic},
  year={2016},
}
@misc{lect4,
  title={Dialogue management: discriminative approaches to belief tracking},
  author={Milica Gasic},
  year={2016},
  publisher={Citeseer}
}
@inproceedings{metallinou2013discriminative,
  title={Discriminative state tracking for spoken dialog systems.},
  author={Metallinou, Angeliki and Bohus, Dan and Williams, Jason},
  booktitle={ACL (1)},
  pages={466--475},
  year={2013}
}
@inproceedings{williams2014web,
  title={Web-style ranking and SLU combination for dialog state tracking},
  author={Williams, Jason D},
  booktitle={15th Annual Meeting of the Special Interest Group on Discourse and Dialogue},
  volume={282},
  year={2014}
}
@inproceedings{henderson2014word,
  title={Word-based dialog state tracking with recurrent neural networks},
  author={Henderson, Matthew and Thomson, Blaise and Young, Steve},
  booktitle={Proceedings of the 15th Annual Meeting of the Special Interest Group on Discourse and Dialogue (SIGDIAL)},
  pages={292--299},
  year={2014}
}
@phdthesis{henderson2015discriminative,
  title={Discriminative methods for statistical spoken dialogue systems},
  author={Henderson, Matthew S},
  year={2015},
  school={University of Cambridge}
}
@book{thomson2013statistical,
  title={Statistical methods for spoken dialogue management},
  author={Thomson, Blaise},
  year={2013},
  publisher={Springer Science \& Business Media}
}
@article{amari1998natural,
  title={Natural gradient works efficiently in learning},
  author={Amari, Shun-Ichi},
  journal={Neural computation},
  volume={10},
  number={2},
  pages={251--276},
  year={1998},
  publisher={MIT Press}
}
@inproceedings{engel2005reinforcement,
  title={Reinforcement learning with Gaussian processes},
  author={Engel, Yaakov and Mannor, Shie and Meir, Ron},
  booktitle={Proceedings of the 22nd international conference on Machine learning},
  pages={201--208},
  year={2005},
  organization={ACM}
}
@article{young2010hidden,
  title={The hidden information state model: A practical framework for POMDP-based spoken dialogue management},
  author={Young, Steve and Ga{\v{s}}i{\'c}, Milica and Keizer, Simon and Mairesse, Fran{\c{c}}ois and Schatzmann, Jost and Thomson, Blaise and Yu, Kai},
  journal={Computer Speech \& Language},
  volume={24},
  number={2},
  pages={150--174},
  year={2010},
  publisher={Elsevier}
}
@article{thomson2010bayesian,
  title={Bayesian update of dialogue state: A POMDP framework for spoken dialogue systems},
  author={Thomson, Blaise and Young, Steve},
  journal={Computer Speech \& Language},
  volume={24},
  number={4},
  pages={562--588},
  year={2010},
  publisher={Elsevier}
}
